<record><leader>00000cas a22000007a 4500</leader><controlfield tag="001">10463865</controlfield><controlfield tag="008">840227d19741975vi wr ne      0   a0eng d</controlfield><datafield ind1=" " ind2=" " tag="010"><subfield code="a">sn 84037505 </subfield></datafield><datafield ind1=" " ind2=" " tag="040"><subfield code="a">NVI</subfield><subfield code="b">eng</subfield><subfield code="c">NPV</subfield><subfield code="d">DLC</subfield></datafield><datafield ind1=" " ind2=" " tag="042"><subfield code="a">msc</subfield></datafield><datafield ind1="0" ind2=" " tag="130"><subfield code="a">Weekly journal (Charlotte Amalie, United States Virgin Islands : 1974)</subfield></datafield><datafield ind1="0" ind2="4" tag="245"><subfield code="a">The Weekly journal.</subfield></datafield><datafield ind1=" " ind2=" " tag="260"><subfield code="a">Charlotte Amalie, St. Thomas, V.I. :</subfield><subfield code="b">Modern Press,</subfield><subfield code="c">1974-</subfield></datafield><datafield ind1=" " ind2=" " tag="300"><subfield code="a">1 v. :</subfield><subfield code="b">ill.</subfield></datafield><datafield ind1=" " ind2=" " tag="310"><subfield code="a">Weekly</subfield></datafield><datafield ind1="0" ind2=" " tag="362"><subfield code="a">2nd year, no. 39 (Oct. 10, 1974)-</subfield></datafield><datafield ind1="1" ind2=" " tag="362"><subfield code="a">Ceased with June 26, 1975 issue?</subfield></datafield><datafield ind1=" " ind2=" " tag="500"><subfield code="a">Editor: June M. Flowers.</subfield></datafield><datafield ind1=" " ind2=" " tag="752"><subfield code="a">United States</subfield><subfield code="b">Virgin Islands</subfield><subfield code="c">Saint Thomas</subfield><subfield code="d">Charlotte Amalie.</subfield></datafield><datafield ind1="0" ind2="4" tag="780"><subfield code="t">St. Croix journal</subfield><subfield code="w">(DLC)sn 84037506</subfield></datafield><datafield ind1="0" ind2="4" tag="780"><subfield code="t">St. Thomas journal</subfield><subfield code="w">(DLC)sn 84037507</subfield></datafield><datafield ind1="1" ind2=" " tag="029"><subfield code="a">AU@</subfield><subfield code="b">000025812862</subfield></datafield></record>